@article{art:old,
    author = {Sonia Gonzalez-Navarro and Javier Hormigo},
    title = {Normalizing or Not Normalizing? An Open Question for Floating-Point Arithmetic in Embedded Systems},
    publisher = {IEEE},
    year = {2017},
    DOI = {10.1109/ARITH.2017.16},
}

@article{art:new,
    author = {Sonia Gonzalez-Navarro and Javier Hormigo},
    title = {New Results on Non-Normalized Floating-Point Formats},
    publisher = {IEEE},
    year = {2019},
    DOI = {10.1109/TC.2019.2929039},
}

@article{art:ieee754,
    author = {Pallavi Srivastava and Edwin Chung and Stepan Ozana},
    title = {Asynchronous Floating-Point Adders and Communication Protocols: A Survey},
    publisher = {Electronics},
    year = {2020},
    DOI = {10.3390/electronics9101687},
}

@misc{pdf:ieee754,
    author = {Asim J. Al-Khalili},
    title = {Floating Point Adders and Multipliers},
    howpublished = {\url{http://users.encs.concordia.ca/~asim/COEN_6501/Lecture_Notes/L4_Slides.pdf}},
}

@misc{pdf:pres,
    author = {Sonia Gonzalez-Navarro and Javier Hormigo},
    title = {Normalizing or Not Normalizing? An Open Question for Floating-Point Arithmetic in Embedded Systems},
    howpublished = {\url{http://arith24.arithsymposium.org/slides/s3-hormigo.pdf}},
}

@misc{url:github,
    author = {Michał Sieroń and Paweł Różański},
    howpublished = {\url{https://github.com/michalsieron/computer_architecture_project}},
}